@MISC{WEBSITE:1,
	HOWPUBLISHED = "\url{http://pdf1.alldatasheet.com/datasheet-pdf/view/51021/FAIRCHILD/74LS00.html}",
	AUTHOR = "FAIRCHILD",
	TITLE = "74LS00 Datasheet",
	MONTH = "March",
	YEAR = "2000",
	NOTE = "Consultato il 27/11/2018"
}